@electronic{AP,
  organization = {Wikipedia},  
  title = {Accounts Payable},
  url = {https://en.wikipedia.org/wiki/Accounts_payable},
}

@electronic{CC,
  organization = {Coca-Cola Company},  
  title = {2015 Annual Report on Form 10-K},
  url = {http://www.coca-colacompany.com/content/dam/journey/us/en/private/fileassets/pdf/investors/2015-annual-report-on-form-10-k.pdf},
}

@electronic{APN,
  organization = {The Accounts Payable Network},  
  title = {Key Accounts Payable Benchmarks: Throughput, Cost and Automation},
  url = {http://www.kofax.com/downloads/reports/rr-key-accounts-payable-benchmarks-en.pdf},
}

@electronic{RA,
  organization = {Wikipedia},  
  title = {Recovery Auditing},
  url = {https://en.wikipedia.org/wiki/Recovery_Auditing},
}

@electronic{PRGX,
  organization = {PRGX},  
  title = {2015 Annual Report on Form 10-K},
  url = {http://investors.prgx.com/secfiling.cfm?filingID=1007330-16-14&CIK=1007330},
}

@electronic{CCA,
  organization = {C\&CA},  
  title = {Cost \& Compliance Associates},
  url = {http://www.costandcompliance.com/},
}

@article{P3,
  author = {L. E. Barnes},
  title = {Project 3 template},
  journal = {Class project in SYS 6021},
  year = {2016}
}
